@Article{art1,
  author =       "Author Name",
  title =        "Book Title",
  journal =      "Lecture Notes in Autonomous System",
  volume =       "1001",
  publisher =    "UFO",
  pages =        "900--921",
  year =         "2003",
  coden =        "LNCSD9",
  ISSN =         "0302-2345",
  bibdate =      "Sat Dec 7 10:05:42 MST 2003",
}
@inproceedings{ren2015faster,
  title={Faster r-cnn: Towards real-time object detection with region proposal networks},
  author={Ren, Shaoqing and He, Kaiming and Girshick, Ross and Sun, Jian},
  booktitle={Advances in neural information processing systems},
  pages={91--99},
  year={2015}
}
@article{zou2019object,
  title={Object Detection in 20 Years: A Survey},
  author={Zou, Zhengxia and Shi, Zhenwei and Guo, Yuhong and Ye, Jieping},
  journal={arXiv preprint arXiv:1905.05055},
  year={2019}
}
@article{simonyan2014very,
  title={Very deep convolutional networks for large-scale image recognition},
  author={Simonyan, Karen and Zisserman, Andrew},
  journal={arXiv preprint arXiv:1409.1556},
  year={2014}
}
@inproceedings{szegedy2015going,
  title={Going deeper with convolutions},
  author={Szegedy, Christian and Liu, Wei and Jia, Yangqing and Sermanet, Pierre and Reed, Scott and Anguelov, Dragomir and Erhan, Dumitru and Vanhoucke, Vincent and Rabinovich, Andrew},
  booktitle={Proceedings of the IEEE conference on computer vision and pattern recognition},
  pages={1--9},
  year={2015}
}
@inproceedings{huang2017densely,
  title={Densely connected convolutional networks},
  author={Huang, Gao and Liu, Zhuang and Van Der Maaten, Laurens and Weinberger, Kilian Q},
  booktitle={Proceedings of the IEEE conference on computer vision and pattern recognition},
  pages={4700--4708},
  year={2017}
}
@inproceedings{he2016deep,
  title={Deep residual learning for image recognition},
  author={He, Kaiming and Zhang, Xiangyu and Ren, Shaoqing and Sun, Jian},
  booktitle={Proceedings of the IEEE conference on computer vision and pattern recognition},
  pages={770--778},
  year={2016}
}
@book{automl_book,
    editor = {Hutter, Frank and Kotthoff, Lars and Vanschoren, Joaquin},
    note = {In press, available at http://automl.org/book.},
    publisher = {Springer},
    title = {Automated Machine Learning: Methods, Systems, Challenges},
    year = {2018}
}
@inproceedings{lin2014microsoft,
  title={Microsoft coco: Common objects in context},
  author={Lin, Tsung-Yi and Maire, Michael and Belongie, Serge and Hays, James and Perona, Pietro and Ramanan, Deva and Doll{\'a}r, Piotr and Zitnick, C Lawrence},
  booktitle={European conference on computer vision},
  pages={740--755},
  year={2014},
  organization={Springer}
}
@Article{Everingham10,
   author = "Everingham, M. and Van~Gool, L. and Williams, C. K. I. and Winn, J. and Zisserman, A.",
   title = "The Pascal Visual Object Classes (VOC) Challenge",
   journal = "International Journal of Computer Vision",
   volume = "88",
   year = "2010",
   number = "2",
   month = jun,
   pages = "303--338",
} 
@article{bergstra2012random,
  title={Random search for hyper-parameter optimization},
  author={Bergstra, James and Bengio, Yoshua},
  journal={Journal of Machine Learning Research},
  volume={13},
  number={Feb},
  pages={281--305},
  year={2012}
}
@article{montgomery2001design,
  title={Design and analysis of experiments John Wiley \& Sons},
  author={Montgomery, Douglas C},
  journal={Inc., New York},
  volume={1997},
  pages={200--1},
  year={2001}
}
@article{lowe2004distinctive,
  title={Distinctive image features from scale-invariant keypoints},
  author={Lowe, David G},
  journal={International journal of computer vision},
  volume={60},
  number={2},
  pages={91--110},
  year={2004},
  publisher={Springer}
}
@inproceedings{dalal2005histograms,
  title={Histograms of oriented gradients for human detection},
  author={Dalal, Navneet and Triggs, Bill},
  year={2005}
}
@inproceedings{dai2016r,
  title={R-fcn: Object detection via region-based fully convolutional networks},
  author={Dai, Jifeng and Li, Yi and He, Kaiming and Sun, Jian},
  booktitle={Advances in neural information processing systems},
  pages={379--387},
  year={2016}
}
@inproceedings{he2017mask,
  title={Mask r-cnn},
  author={He, Kaiming and Gkioxari, Georgia and Doll{\'a}r, Piotr and Girshick, Ross},
  booktitle={Proceedings of the IEEE international conference on computer vision},
  pages={2961--2969},
  year={2017}
}
@inproceedings{redmon2016you,
  title={You only look once: Unified, real-time object detection},
  author={Redmon, Joseph and Divvala, Santosh and Girshick, Ross and Farhadi, Ali},
  booktitle={Proceedings of the IEEE conference on computer vision and pattern recognition},
  pages={779--788},
  year={2016}
}
@inproceedings{liu2016ssd,
  title={Ssd: Single shot multibox detector},
  author={Liu, Wei and Anguelov, Dragomir and Erhan, Dumitru and Szegedy, Christian and Reed, Scott and Fu, Cheng-Yang and Berg, Alexander C},
  booktitle={European conference on computer vision},
  pages={21--37},
  year={2016},
  organization={Springer}
}
@inproceedings{redmon2017yolo9000,
  title={YOLO9000: better, faster, stronger},
  author={Redmon, Joseph and Farhadi, Ali},
  booktitle={Proceedings of the IEEE conference on computer vision and pattern recognition},
  pages={7263--7271},
  year={2017}
}
@article{zhao2019object,
  title={Object detection with deep learning: A review},
  author={Zhao, Zhong-Qiu and Zheng, Peng and Xu, Shou-tao and Wu, Xindong},
  journal={IEEE transactions on neural networks and learning systems},
  year={2019},
  publisher={IEEE}
}
@inproceedings{girshick2014rich,
  title={Rich feature hierarchies for accurate object detection and semantic segmentation},
  author={Girshick, Ross and Donahue, Jeff and Darrell, Trevor and Malik, Jitendra},
  booktitle={Proceedings of the IEEE conference on computer vision and pattern recognition},
  pages={580--587},
  year={2014}
}
@inproceedings{girshick2015fast,
  title={Fast r-cnn},
  author={Girshick, Ross},
  booktitle={Proceedings of the IEEE international conference on computer vision},
  pages={1440--1448},
  year={2015}
}
@inproceedings{lin2017focal,
  title={Focal loss for dense object detection},
  author={Lin, Tsung-Yi and Goyal, Priya and Girshick, Ross and He, Kaiming and Doll{\'a}r, Piotr},
  booktitle={Proceedings of the IEEE international conference on computer vision},
  pages={2980--2988},
  year={2017}
}
@article{friedman2018recursive,
  title={Recursive Feature Generation for Knowledge-based Learning},
  author={Friedman, Lior and Markovitch, Shaul},
  journal={arXiv preprint arXiv:1802.00050},
  year={2018}
}
@inproceedings{movckus1975bayesian,
  title={On Bayesian methods for seeking the extremum},
  author={Mo{\v{c}}kus, Jonas},
  booktitle={Optimization Techniques IFIP Technical Conference},
  pages={400--404},
  year={1975},
  organization={Springer}
}
@inproceedings{snoek2012practical,
  title={Practical bayesian optimization of machine learning algorithms},
  author={Snoek, Jasper and Larochelle, Hugo and Adams, Ryan P},
  booktitle={Advances in neural information processing systems},
  pages={2951--2959},
  year={2012}
}
@inproceedings{snoek2015scalable,
  title={Scalable bayesian optimization using deep neural networks},
  author={Snoek, Jasper and Rippel, Oren and Swersky, Kevin and Kiros, Ryan and Satish, Nadathur and Sundaram, Narayanan and Patwary, Mostofa and Prabhat, Mr and Adams, Ryan},
  booktitle={International conference on machine learning},
  pages={2171--2180},
  year={2015}
}
@article{melis2017state,
  title={On the state of the art of evaluation in neural language models},
  author={Melis, G{\'a}bor and Dyer, Chris and Blunsom, Phil},
  journal={arXiv preprint arXiv:1707.05589},
  year={2017}
}
@inproceedings{dahl2013improving,
  title={Improving deep neural networks for LVCSR using rectified linear units and dropout},
  author={Dahl, George E and Sainath, Tara N and Hinton, Geoffrey E},
  booktitle={2013 IEEE international conference on acoustics, speech and signal processing},
  pages={8609--8613},
  year={2013},
  organization={IEEE}
}
@inproceedings{wang2013bayesian,
  title={Bayesian optimization in high dimensions via random embeddings},
  author={Wang, Ziyu and Zoghi, Masrour and Hutter, Frank and Matheson, David and De Freitas, Nando},
  booktitle={Twenty-Third International Joint Conference on Artificial Intelligence},
  year={2013}
}
@article{swersky2014raiders,
  title={Raiders of the lost architecture: Kernels for Bayesian optimization in conditional parameter spaces},
  author={Swersky, Kevin and Duvenaud, David and Snoek, Jasper and Hutter, Frank and Osborne, Michael A},
  journal={arXiv preprint arXiv:1409.4011},
  year={2014}
}
@inproceedings{bergstra2011algorithms,
  title={Algorithms for hyper-parameter optimization},
  author={Bergstra, James S and Bardenet, R{\'e}mi and Bengio, Yoshua and K{\'e}gl, Bal{\'a}zs},
  booktitle={Advances in neural information processing systems},
  pages={2546--2554},
  year={2011}
}
@book{coello2007evolutionary,
  title={Evolutionary algorithms for solving multi-objective problems},
  author={Coello, Carlos A Coello and Lamont, Gary B and Van Veldhuizen, David A and others},
  volume={5},
  year={2007},
  publisher={Springer}
}
@article{loshchilov2016cma,
  title={CMA-ES for hyperparameter optimization of deep neural networks},
  author={Loshchilov, Ilya and Hutter, Frank},
  journal={arXiv preprint arXiv:1604.07269},
  year={2016}
}
@misc{bbob,
  title = {BBOBies: Black-box Optimization Benchmarking  (BBOB) workshop  series},
  howpublished = {\url{https:http://numbbo.github.io/workshops/index.html}},
  note = {Accessed: 2019-08-25}
}
@inproceedings{lorenzo2017particle,
  title={Particle swarm optimization for hyper-parameter selection in deep neural networks},
  author={Lorenzo, Pablo Ribalta and Nalepa, Jakub and Kawulok, Michal and Ramos, Luciano Sanchez and Pastor, Jos{\'e} Ranilla},
  booktitle={Proceedings of the genetic and evolutionary computation conference},
  pages={481--488},
  year={2017},
  organization={ACM}
}
@inproceedings{lorenzo2017hyper,
  title={Hyper-parameter selection in deep neural networks using parallel particle swarm optimization},
  author={Lorenzo, Pablo Ribalta and Nalepa, Jakub and Ramos, Luciano Sanchez and Pastor, Jos{\'e} Ranilla},
  booktitle={Proceedings of the Genetic and Evolutionary Computation Conference Companion},
  pages={1864--1871},
  year={2017},
  organization={ACM}
}
@article{li2016hyperband,
  title={Hyperband: A novel bandit-based approach to hyperparameter optimization},
  author={Li, Lisha and Jamieson, Kevin and DeSalvo, Giulia and Rostamizadeh, Afshin and Talwalkar, Ameet},
  journal={arXiv preprint arXiv:1603.06560},
  year={2016}
}
@inproceedings{feurer_hyperparameter_2018,
    author = {Feurer, Matthias and Hutter, Frank},
    title = {Hyperparameter Optimization},
    pages = {3-38},
    chapter = {1},
    crossref = {automl}
}
@article{falkner2018bohb,
  title={BOHB: Robust and efficient hyperparameter optimization at scale},
  author={Falkner, Stefan and Klein, Aaron and Hutter, Frank},
  journal={arXiv preprint arXiv:1807.01774},
  year={2018}
}
